@Book{recipes,
 author = {Press, William},
 title = {Numerical recipes in FORTRAN : the art of scientific computing},
 publisher = {Cambridge University Press},
 year = {1992},
 address = {Cambridge England New York, NY, USA},
 isbn = {978-0521430647}
 }